@article{laborde_highorder_2005,
    author = {Laborde, Patrick and Pommier, Julien and Renard, Yves and Sala\"un, Michel},
    title = {High-order extended finite element method for cracked domains},
    journal = {International Journal for Numerical Methods in Engineering},
    issn = {1097-0207},
    volume = {64},
    number = {3},
    pages = {354-381},
    month = jul,
    year = {2005},
    keywords = {fracture, finite elements, extended finite element method, rate of convergence},
    doi = {10.1002/nme.1370},
    url = {https://onlinelibrary.wiley.com/doi/abs/10.1002/nme.1370},
    COMMENTeprint = {https://onlinelibrary.wiley.com/doi/pdf/10.1002/nme.1370}
}


@article{bechet_improved_2005,
    author = {B\'echet, E. and Minnebo, H. and Mo\"es, N. and Burgardt, B.},
    title = {Improved implementation and robustness study of the X-FEM for stress analysis around cracks},
    journal = {International Journal for Numerical Methods in Engineering},
    issn = {1097-0207},
    volume = {64},
    number = {8},
    pages = {1033-1056},
    month = jun,
    year = {2005},
    keywords = {X-FEM, convergence rate, integration scheme, preconditioner, J-integral, crack propagation},
    doi = {10.1002/nme.1386},
    url = {https://onlinelibrary.wiley.com/doi/abs/10.1002/nme.1386},
    COMMENTeprint = {https://onlinelibrary.wiley.com/doi/pdf/10.1002/nme.1386}
}

@article{fries_corrected_2008,
    author = {Fries, Thomas-Peter},
    title = {A corrected {XFEM} approximation without problems in blending elements},
    journal = {International Journal for Numerical Methods in Engineering},
    issn = {1097-0207},
    volume = {75},
    number = {5},
    pages = {503--532},
    month = jul,
    year = {2008},
    url = {http://onlinelibrary.wiley.com/doi/10.1002/nme.2259/abstract},
    doi = {10.1002/nme.2259},
    keywords = {corrected {XFEM}, modified enrichment, optimal convergence, {XFEM}},
}

@article{fries_xfem_overview_2010,
    author = {Fries, Thomas-Peter and Belytschko, Ted},
    title = {The extended/generalized finite element method: An overview of the method and its applications},
    journal = {International Journal for Numerical Methods in Engineering},
    issn = {1097-0207},
    volume = {84},
    number = {3},
    pages = {253--304},
    month = oct,
    year = {2010},
    url = {http://onlinelibrary.wiley.com/doi/10.1002/nme.2914/abstract},
    doi = {10.1002/nme.2914},
    shorttitle = {The extended/generalized finite element method},
    keywords = {extended finite element method, generalized finite element method, {GFEM}, partition of unity method, {PUM}, review, {XFEM}}
}

@article{abbas_alizada_fries_highgradient_2010,
    author = {Abbas, Safdar and Alizada, Alaskar and Fries, Thomas-Peter},
    title = {The XFEM for high-gradient solutions in convection-dominated problems},
    journal = {International Journal for Numerical Methods in Engineering},
    volume = {82},
    number = {8},
    pages = {1044-1072},
    month = may,
    year = {2010},
    keywords = {extended finite element method (XFEM), high-gradient solutions, convectionâ€“diffusion, convection-dominated, boundary layers, shocks},
    doi = {10.1002/nme.2815},
    url = {https://onlinelibrary.wiley.com/doi/abs/10.1002/nme.2815},
    eprint = {https://onlinelibrary.wiley.com/doi/pdf/10.1002/nme.2815}
}
