@Misc{flow123d,
    author =   {B{\v r}ezina, Jan and Stebel, Jan and Exner, Pavel and Hyb{\v s}, Jan},
    title =    {Flow123d},
    url = {http://flow123d.github.com},
    year = {2011--2018}
}

@MISC{flow123d_doc_2015,
    author = {B{\v r}ezina, Jan and et.~al.},
    title = {Flow123d, version 1.8.2 -- Documentation of file formats and brief user manual},
    year = {2015},
    date = {1.3.2015},
    url = "http://flow.nti.tul.cz/packages/1.8.2\_release/flow123d\_1.8.2\_doc.pdf",
}


@article{maryska_mixed-hybrid_1995,
    series = {Proceedings of the {International} {Symposium} on {Mathematical} {Modelling} and {Computational} {Methods} {Modelling} 94},
    title = {Mixed-hybrid finite element approximation of the potential fluid flow problem},
    volume = {63},
    issn = {0377-0427},
    url = {http://www.sciencedirect.com/science/article/pii/0377042795000666},
    doi = {10.1016/0377-0427(95)00066-6},
    number = {1–3},
    urldate = {2015-11-04},
    journal = {Journal of Computational and Applied Mathematics},
    author = {Mary{\v s}ka, J. and Rozlo{\v z}n{\' i}k, M. and T{\r u}ma, M.},
    month = nov,
    year = {1995},
    keywords = {General prismatic elements, Mixed-hybrid formulation, Potential flow problem in porous media, Symmetric indefinite linear systems},
    pages = {383--392},
}

@incollection{brezina_mixed-hybrid_2010,
    series = {Lecture {Notes} in {Computer} {Science}},
    title = {Mixed-{Hybrid} {Formulation} of {Multidimensional} {Fracture} {Flow}},
    copyright = {©2011 Springer Berlin Heidelberg},
    isbn = {978-3-642-18465-9 978-3-642-18466-6},
    url = {http://link.springer.com/chapter/10.1007/978-3-642-18466-6\_14},
    language = {en},
    number = {6046},
    urldate = {2015-11-04},
    booktitle = {Numerical {Methods} and {Applications}},
    publisher = {Springer Berlin Heidelberg},
    author = {B{\v r}ezina, Jan and Hokr, Milan},
    month = aug,
    year = {2010},
    doi = {10.1007/978-3-642-18466-6\_14},
    keywords = {Algorithm Analysis and Problem Complexity, Computational Science and Engineering, Computer-Aided Engineering (CAD, CAE) and Design, fracture flow, multidimensional coupling, Numerical Analysis, Numerical and Computational Physics, Numeric Computing, Schur complement},
    pages = {125--132},
}

@article{sistek_bddc_2015,
    issn = {10705325},
    title = {{BDDC} for mixed-hybrid formulation of flow in porous media with combined mesh dimensions},
    url = {http://doi.wiley.com/10.1002/nla.1991},
    urldate = {2015-11-04},
    journal = {Numerical Linear Algebra with Applications},
    author = {{\v S}{\' i}stek, Jakub and B{\v r}ezina, Jan and Soused{\' i}k, Bed{\v r}ich},
    month = {may},
    year = {2015},
    volume = {22},
    number = {6},
    pages = {903-929},
    doi = {10.1002/nla.1991}
}

@inproceedings{brezina_2012,
    title = {Mortar-like mixed-hybrid methods for elliptic problems on complex geometries},
    author = {B{\v r}ezina, Jan},
    url = {http://www.iam.fmph.uniba.sk/algoritmy2012/zbornik/21Brezina.pdf},
    isbn = {978-80-227-3742-5},
    publisher = {Slovak University of Technology in Bratislava},
    urldate = {4.11.2015},
    booktitle = {Conference proceedings of Algoritmy 2012},
    year = {2012},
    keywords = {fracture flow, mortar methods, mixed-hybrid finite elements},
    pages = {200-208}
}

@mastersthesis{fris_dp_2015,
    title = {Efficient computation of intersections for meshes of different dimmension based on Pl{\"{u}}cker coordinates},
    school = {Technical University of Liberec, Faculty of Mechatronics, Informatics and Interdisciplinary Studies},
    year = {2015},
    author = {Viktor Fri{\v s}},
}

@mastersthesis{exner_dp_2013,
    title = {Partition of unity methods for approximation of point water sources in porous media.},
    school = {Technical University of Liberec, Faculty of Mechatronics, Informatics and Interdisciplinary Studies},
    year = {2013},
    author = {Pavel Exner},
    howpublished = "\url{http://bacula.nti.tul.cz/\~pavel.exner/files/dipl_Pavel_Exner.pdf}"
}

@article{exner_2016,
    title = {Partition of unity methods for approximation of point water sources in porous media },
    journal = {Applied Mathematics and Computation },
    volume = {273},
    number = {},
    pages = {21--32},
    year = {2016},
    issn = {0096-3003},
    doi = {http://dx.doi.org/10.1016/j.amc.2015.09.048},
    url = {http://www.sciencedirect.com/science/article/pii/S0096300315012862},
    author = {Pavel Exner and Jan B{\v r}ezina},
    keywords = {Extended finite element method, Groundwater flow, Adaptive integration, Singular solution}
}

@article{brezina_2017,
        doi = {10.1016/j.camwa.2017.01.028},
        url = {https://doi.org/10.1016%2Fj.camwa.2017.01.028},
        year = 2017,
        month = {feb},
        volume = {74},
        pages = {174 - 187},
        issn = {0898-1221},
        publisher = {Elsevier {BV}},
        author = {Jan B{\v{r}}ezina and Pavel Exner},
        title = {Fast algorithms for intersection of non-matching grids using Pl{\" u}cker coordinates},
        journal = {Computers {\&} Mathematics with Applications}
}
