@MISC{flow123d_doc_2015,
    author = {B{\v r}ezina, Jan and et.~al.},
    title = {Flow123d, version 1.8.2 -- Documentation of file formats and brief user manual},
    year = {2015},
    date = {1.3.2015},
    url = "http://flow.nti.tul.cz/packages/1.8.2\_release/flow123d\_1.8.2\_doc.pdf",
    }

@article{dangelo_coupling_2008,
    title = {{On} {the} {Coupling} {of} 1D {and} 3D {Diffussion}-{reaction} {equations}: {Application} {to} {Tissue} {Perfusion} {Problems}},
    volume = {18},
    issn = {0218-2025, 1793-6314},
    url = {http://www.worldscientific.com/doi/abs/10.1142/S0218202508003108},
    doi = {10.1142/S0218202508003108},
    language = {en},
    number = {08},
    urldate = {2015-09-14},
    journal = {Mathematical Models and Methods in Applied Sciences},
    author = {D'Angelo, C. and Quarteroni, A.},
    month = aug,
    year = {2008},
    pages = {1481--1504}
}

@incollection{cattaneo_numerical_2015,
    series = {Lecture {Notes} in {Computational} {Science} and {Engineering}},
    title = {Numerical {Investigation} of {Convergence} {Rates} for the {FEM} {Approximation} of 3D-1D {Coupled} {Problems}},
    copyright = {©2015 Springer International Publishing Switzerland},
    isbn = {978-3-319-10704-2 978-3-319-10705-9},
    url = {http://link.springer.com/chapter/10.1007/978-3-319-10705-9\_72},
    language = {en},
    number = {103},
    urldate = {2015-11-05},
    booktitle = {Numerical {Mathematics} and {Advanced} {Applications} - {ENUMATH} 2013},
    publisher = {Springer International Publishing},
    author = {Cattaneo, Laura and Zunino, Paolo},
    //editor = {Abdulle, Assyr and Deparis, Simone and Kressner, Daniel and Nobile, Fabio and Picasso, Marco},
    year = {2015},
    note = {DOI: 10.1007/978-3-319-10705-9\_72},
    keywords = {Computational Science and Engineering, Mathematical Modeling and Industrial Mathematics, Mathematical Software},
    pages = {727--734},
}

@article{dangelo_mixed_2012,
    title = {A mixed finite element method for {Darcy} flow in fractured porous media with non-matching grids},
    volume = {46},
    issn = {0764-583X, 1290-3841},
    url = {http://www.esaim-m2an.org/10.1051/m2an/2011148},
    doi = {10.1051/m2an/2011148},
    number = {2},
    urldate = {2015-08-20},
    journal = {ESAIM: Mathematical Modelling and Numerical Analysis},
    author = {D'Angelo, Carlo and Scotti, Anna},
    month = mar,
    year = {2012},
    pages = {465--489}
}

@article{fumagalli_efficient_2014,
    title = {An {Efficient} {XFEM} {Approximation} of {Darcy} {Flows} in {Arbitrarily} {Fractured} {Porous} {Media}},
    volume = {69},
    issn = {1294-4475, 1953-8189},
    url = {http://ogst.ifpenergiesnouvelles.fr/10.2516/ogst/2013192},
    doi = {10.2516/ogst/2013192},
    number = {4},
    urldate = {2015-09-02},
    journal = {Oil \& Gas Science and Technology – Revue d’IFP Energies nouvelles},
    author = {Fumagalli, Alessio and Scotti, Anna},
    year = {2014},
    pages = {555--564}
}

@article{diez_stable_2013,
    title = {A stable extended {FEM} formulation for multi-phase problems enforcing the accuracy of the fluxes through {Lagrange} multipliers},
    volume = {96},
    copyright = {Copyright © 2013 John Wiley \& Sons, Ltd.},
    issn = {1097-0207},
    url = {http://onlinelibrary.wiley.com/doi/10.1002/nme.4554/abstract},
    doi = {10.1002/nme.4554},
    language = {en},
    number = {5},
    urldate = {2015-03-31},
    journal = {International Journal for Numerical Methods in Engineering},
    author = {Díez, P. and Cottereau, R. and Zlotnik, S.},
    month = nov,
    year = {2013},
    keywords = {flux accuracy, level set, multi-phase materials, XFEM},
    pages = {303--322},
}

@article{sauerland_stable_2013,
    series = {{USNCCM} {Moving} {Boundaries}},
    title = {The stable {XFEM} for two-phase flows},
    volume = {87},
    issn = {0045-7930},
    url = {http://www.sciencedirect.com/science/article/pii/S0045793012004148},
    doi = {10.1016/j.compfluid.2012.10.017},
    urldate = {2015-09-02},
    journal = {Computers \& Fluids},
    author = {Sauerland, Henning and Fries, Thomas-Peter},
    month = oct,
    year = {2013},
    keywords = {Enrichment, extended finite element method, Free-surface flows, Iterative solver, Stable GFEM, Two-phase flows, XFEM},
    pages = {41--49},
}


@phdthesis{fumagalli_numerical_2012,
    title = {Numerical modelling of flows in fractured porous media by the {XFEM} method},
    url = {https://www.politesi.polimi.it/handle/10589/56865},
    urldate = {2015-09-02},
    school = {Polytechnic University of Milan, Italy},
    author = {Fumagalli, Alessio},
    year = {2012},
}

@article{schwenck_2015,
  author="Schwenck, Nicolas and Flemisch, Bernd and Helmig, Rainer and Wohlmuth, Barbara I.",
  title="Dimensionally reduced flow models in fractured porous media: crossings and boundaries",
  journal="Computational Geosciences",
  year="2015",
  volume="19",
  number="6",
  pages="1219--1230",
  issn="1573-1499",
  doi="10.1007/s10596-015-9536-1",
  url="http://dx.doi.org/10.1007/s10596-015-9536-1"
}

@phdthesis{schwenck_xfem-based_2015,
    title = {An {XFEM}-based model for fluid flow in fractured porous media},
    url = {http://elib.uni-stuttgart.de/opus/volltexte/2015/10017/},
    urldate = {2015-09-02},
    author = {Schwenck, Nicolas},
    school = {University of Stuttgart, Germany},
    year = {2015},
}

@phdthesis{koppl_tum_2015,
    title = {Multi-scale modeling of flow and transport processes in arterial networks and tissue},
    url = {http://mediatum.ub.tum.de/doc/1237433/},
    urldate = {2015-11-06},
    author = {K{\" o}ppl, Tobias Thomas},
    school = {Technical University of Munich, Germany},
    year = {2015},
}


@book{brezzi_mixed_1991,
    address = {New York},
    series = {Springer {Series} in {Computational} {Mathematics}},
    title = {Mixed and {Hybrid} {Finite} {Element} {Methods}},
    volume = {15},
    isbn = {978-1-4612-7824-5 978-1-4612-3172-1},
    url = {http://link.springer.com/10.1007/978-1-4612-3172-1},
    urldate = {2015-11-04},
    publisher = {Springer},
    editor = {Brezzi, Franco and Fortin, Michel},
    year = {1991}
}

@article{maryska_mixed-hybrid_1995,
    series = {Proceedings of the {International} {Symposium} on {Mathematical} {Modelling} and {Computational} {Methods} {Modelling} 94},
    title = {Mixed-hybrid finite element approximation of the potential fluid flow problem},
    volume = {63},
    issn = {0377-0427},
    url = {http://www.sciencedirect.com/science/article/pii/0377042795000666},
    doi = {10.1016/0377-0427(95)00066-6},
    number = {1–3},
    urldate = {2015-11-04},
    journal = {Journal of Computational and Applied Mathematics},
    author = {Mary{\v s}ka, J. and Rozlo{\v z}n{\' i}k, M. and T{\r u}ma, M.},
    month = nov,
    year = {1995},
    keywords = {General prismatic elements, Mixed-hybrid formulation, Potential flow problem in porous media, Symmetric indefinite linear systems},
    pages = {383--392},
}

@incollection{brezina_mixed-hybrid_2010,
    series = {Lecture {Notes} in {Computer} {Science}},
    title = {Mixed-{Hybrid} {Formulation} of {Multidimensional} {Fracture} {Flow}},
    copyright = {©2011 Springer Berlin Heidelberg},
    isbn = {978-3-642-18465-9 978-3-642-18466-6},
    url = {http://link.springer.com/chapter/10.1007/978-3-642-18466-6\_14},
    language = {en},
    number = {6046},
    urldate = {2015-11-04},
    booktitle = {Numerical {Methods} and {Applications}},
    publisher = {Springer Berlin Heidelberg},
    author = {B{\v r}ezina, Jan and Hokr, Milan},
    month = aug,
    year = {2010},
    doi = {10.1007/978-3-642-18466-6\_14},
    keywords = {Algorithm Analysis and Problem Complexity, Computational Science and Engineering, Computer-Aided Engineering (CAD, CAE) and Design, fracture flow, multidimensional coupling, Numerical Analysis, Numerical and Computational Physics, Numeric Computing, Schur complement},
    pages = {125--132},
}

@article{sistek_bddc_2015,
    issn = {10705325},
    title = {{BDDC} for mixed-hybrid formulation of flow in porous media with combined mesh dimensions},
    url = {http://doi.wiley.com/10.1002/nla.1991},
    urldate = {2015-11-04},
    journal = {Numerical Linear Algebra with Applications},
    author = {{\v S}{\' i}stek, Jakub and B{\v r}ezina, Jan and Soused{\' i}k, Bed{\v r}ich},
    month = {may},
    year = {2015},
    volume = {22},
    number = {6},
    pages = {903-929},
    doi = {10.1002/nla.1991}
}

@inproceedings{brezina_2012,
        title = {Mortar-like mixed-hybrid methods for elliptic problems on complex geometries},
        author = {B{\v r}ezina, Jan},
        url = {http://www.iam.fmph.uniba.sk/algoritmy2012/zbornik/21Brezina.pdf},
        isbn = {978-80-227-3742-5},
        publisher = {Slovak University of Technology in Bratislava},
        urldate = {4.11.2015},
        booktitle = {Conference proceedings of Algoritmy 2012},
        year = {2012},
        keywords = {fracture flow, mortar methods, mixed-hybrid finite elements},
        pages = {200-208}
}
 
@article{gracie_modelling_2010,
        series = {The Twenty-First Annual Robert J. Melosh Competition},
        title = {Modelling well leakage in multilayer aquifer systems using the extended finite element method},
        volume = {46},
        issn = {0168-874X},
        url = {http://www.sciencedirect.com/science/article/pii/S0168874X10000077},
        doi = {10.1016/j.finel.2010.01.006},
        number = {6},
        urldate = {2014-09-30},
        journal = {Finite Elements in Analysis and Design},
        author = {Gracie, Robert and Craig, James R.},
        month = jun,
        year = {2010},
        keywords = {Extended finite element method, Generalised finite element method, {GFEM}, Leakage, Multi-aquifer systems, {XFEM}},
        pages = {504--513},
 }    

@article{craig_using_2011,
        title = {Using the extended finite element method for simulation of transient well leakage in multilayer aquifers},
        volume = {34},
        issn = {0309-1708},
        url = {http://www.sciencedirect.com/science/article/pii/S0309170811000601},
        doi = {10.1016/j.advwatres.2011.04.004},
        number = {9},
        urldate = {2013-10-31},
        journal = {Advances in Water Resources},
        author = {Craig, James R. and Gracie, Robert},
        month = sep,
        year = {2011},
        keywords = {Abandoned wells, Extended finite element method, Groundwater flow, Multiaquifer flow},
        pages = {1207--1214},
}


@article{fries_corrected_2008,
        title = {A corrected {XFEM} approximation without problems in blending elements},
        volume = {75},
        copyright = {Copyright © 2007 John Wiley \& Sons, Ltd.},
        issn = {1097-0207},
        url = {http://onlinelibrary.wiley.com/doi/10.1002/nme.2259/abstract},
        doi = {10.1002/nme.2259},
        language = {en},
        number = {5},
        urldate = {2014-09-30},
        journal = {International Journal for Numerical Methods in Engineering},
        author = {Fries, Thomas-Peter},
        month = jul,
        year = {2008},
        keywords = {corrected {XFEM}, modified enrichment, optimal convergence, {XFEM}},
        pages = {503--532},
}    

@article{babuska_stable_2012,
        title = {Stable Generalized Finite Element Method ({SGFEM})},
        volume = {201–204},
        issn = {0045-7825},
        url = {http://www.sciencedirect.com/science/article/pii/S0045782511003082},
        doi = {10.1016/j.cma.2011.09.012},
        urldate = {2014-09-30},
        journal = {Computer Methods in Applied Mechanics and Engineering},
        author = {Babu{\v s}ka, I. and Banerjee, U.},
        month = jan,
        year = {2012},
        keywords = {Approximation, Condition number, Extended Finite Element Method ({XFEM}), Generalized Finite Element Method ({GFEM}), Partition of Unity ({PU}), Validation and verification},
        pages = {91--111},
}


    

@article{gupta_stable_2013,
        title = {A stable and optimally convergent generalized {FEM} ({SGFEM}) for linear elastic fracture mechanics},
        volume = {266},
        issn = {0045-7825},
        url = {http://www.sciencedirect.com/science/article/pii/S0045782513001801},
        doi = {10.1016/j.cma.2013.07.010},
        urldate = {2014-09-30},
        journal = {Computer Methods in Applied Mechanics and Engineering},
        author = {Gupta, V. and Duarte, C. A. and Babu{\v s}ka, I. and Banerjee, U.},
        month = nov,
        year = {2013},
        keywords = {Blending elements, Condition number, Enrichment, Extended {FEM}, Fracture, Generalized {FEM}},
        pages = {23--39},
}   


@BOOK{rek1,
  title = {Varia\v cn\' i metody v in\v zen\' yrsk\' ych probl\' emech a v probl\' emech matematick\' e fyziky},
  publisher = {Academia Praha},
  year = {1999},
  author = {Karel Rektorys},
  isbn = {80-200-0714-8},

}


@article{bangerth_deal.ii_2007,
        title = {Deal.{II}\&Mdash;A General-purpose Object-oriented Finite Element Library},
        volume = {33},
        issn = {0098-3500},
        url = {http://doi.acm.org/10.1145/1268776.1268779},
        doi = {10.1145/1268776.1268779},
        number = {4},
        urldate = {2014-09-30},
        journal = {{ACM} Trans. Math. Softw.},
        author = {Bangerth, W. and Hartmann, R. and Kanschat, G.},
        month = aug,
        year = {2007},
        keywords = {object-orientation, software design}
}


@article{exner_2016,
  title = {Partition of unity methods for approximation of point water sources in porous media },
  journal = {Applied Mathematics and Computation },
  volume = {273},
  number = {},
  pages = {21--32},
  year = {2016},
  issn = {0096-3003},
  doi = {http://dx.doi.org/10.1016/j.amc.2015.09.048},
  url = {http://www.sciencedirect.com/science/article/pii/S0096300315012862},
  author = {Pavel Exner and Jan B{\v r}ezina},
  keywords = {Extended finite element method, Groundwater flow, Adaptive integration, Singular solution}
}
@mastersthesis{dip,
  title = {Partition of unity methods for approximation of point water sources in porous media.},
  school = {Technical University of Liberec, Faculty of Mechatronics, Informatics and Interdisciplinary Studies},
  year = {2013},
  author = {Pavel Exner},
  howpublished = "\url{http://bacula.nti.tul.cz/\~pavel.exner/files/dipl_Pavel_Exner.pdf}"
}

@mastersthesis{fris_dp_2015,
  title = {Efficient computation of intersections for meshes of different dimmension based on Pl{\"{u}}cker coordinates},
  school = {Technical University of Liberec, Faculty of Mechatronics, Informatics and Interdisciplinary Studies},
  year = {2015},
  author = {Viktor Fri{\v s}},
}

@article{yuan_efficient_2003,
  title = {An {Efficient} {Rejection} {Test} for {Ray}/{Triangle} {Mesh} {Intersection}},
  volume = {14},
  issn = {1000-9825},
  url = {http://www.jos.org.cn/1000-9825/14/1787.htm},
  number = {10},
  journal = {Journal of Software},
  author = {XU Zhi-Yuan, TANG Ze-Sheng, TANG Long},
  year = {2003},
  keywords = {rejection test, triangle mesh, intersection, ray tracing, primary ray},
  pages = {1787--1795},
}

@article{babuska_partition_1997,
        title = {The Partition of Unity Method},
        volume = {40},
        copyright = {Copyright © 1997 John Wiley \& Sons, Ltd.},
        issn = {1097-0207},
        url = {http://onlinelibrary.wiley.com/doi/10.1002/(SICI)1097-0207(19970228)40:4<727::AID-NME86>3.0.CO;2-N/abstract},
        doi = {10.1002/(SICI)1097-0207(19970228)40:4<727::AID-NME86>3.0.CO;2-N},
        language = {en},
        number = {4},
        urldate = {2014-09-30},
        journal = {International Journal for Numerical Methods in Engineering},
        author = {Babu{\v s}ka, I. and Melenk, J. M.},
        month = feb,
        year = {1997},
        keywords = {finite element method, finite element methods for highly oscillatory solutions, meshless finite element method},
        pages = {727--758},
}


@article{fries_xfem_overview_2010,
    title = {The extended/generalized finite element method: An overview of the method and its applications},
    volume = {84},
    rights = {Copyright © 2010 John Wiley \& Sons, Ltd.},
    issn = {1097-0207},
    url = {http://onlinelibrary.wiley.com/doi/10.1002/nme.2914/abstract},
    doi = {10.1002/nme.2914},
    shorttitle = {The extended/generalized finite element method},
    pages = {253--304},
    number = {3},
    journal = {International Journal for Numerical Methods in Engineering},
    author = {Fries, Thomas-Peter and Belytschko, Ted},
    urldate = {2014-09-30},
    year = {2010},
    date = {2010-10-15},
    keywords = {extended finite element method, generalized finite element method, {GFEM}, partition of unity method, {PUM}, review, {XFEM}}
}

@article{ventura_fast_2009,
        title = {Fast integration and weight function blending in the extended finite element method},
        volume = {77},
        copyright = {Copyright © 2008 John Wiley \& Sons, Ltd.},
        issn = {1097-0207},
        url = {http://onlinelibrary.wiley.com/doi/10.1002/nme.2387/abstract},
        doi = {10.1002/nme.2387},
        language = {en},
        number = {1},
        urldate = {2015-03-25},
        journal = {International Journal for Numerical Methods in Engineering},
        author = {Ventura, Giulio and Gracie, Robert and Belytschko, Ted},
        month = jan,
        year = {2009},
        keywords = {blending, enriched finite elements, numerical integration, partition of unity},
        pages = {1--29}
}

@MISC{parc,
    author =   { M. Rokyta and O. John and J.M\' alek and M. Pokorn\' y and J. Star\' a},
    title =    {Skripta -- \'{U}vod do modern\' i teorie parci\' aln\' ich diferenci\' aln\' ich rovnic},
    year =   2009,
    note =  {pages 15-22},
    howpublished = "\url{http://ww.karlin.mff.cuni.cz/~malek/new/images/Skripta.pdf}",
    }


@Article{bem,
    author = 	 {P. Hunter and A. Pullan},
    title = 	 {{FEM}/{BEM} Notes},
    publisher =	 {Department of Engineering Science, The University of Auckland, New Zealand},
    journal = 	 {Finite elements in Analysis and Design, Elsevier B.V.},
    year = 	 2001,
    pages = 	 {43-59},
    }


@Article{xfem_hang,
    author =   {T.P. Fries and A. Byfut and A. Alizada and K.W. Cheng and A. Schröder},
    title =    {Hanging nodes XFEM},
    journal =    {International Journal for Numerical Methods in Engineering},
    year =   2011,
    volume =   86,
    pages =    {404-430},
    }

@Article{gmsh,
    author = 	 { C. Geuzaine and J.-F. Remacle},
    title = 	 {{GMSH}: a~three-dimensional finite element mesh generator with built-in pre- and post-processing facilities},
    journal = 	 {International Journal for Numerical Methods in Engineering},
    year = 	 2009,
    volume = 	 79,
    number = 	 11,
    pages = 	 {1309-1331},
    note = "\url{http://geuz.org/gmsh/}"
    }
    
    
    

@article{ern_evaluation_2006,
        title = {Evaluation of the condition number in linear systems arising in finite element approximations},
        volume = {40},
        doi = {10.1051/m2an:2006006},
        pages = {29--48},
        number = {1},
        journal = {{ESAIM}: Mathematical Modelling and Numerical Analysis},
        author = {Ern, Alexandre and Guermond, Jean-Luc},
        year = {2006},
        keywords = {equations, linear algebra., Finite elements, condition number, partial differential},
}



@misc{arnold_lecture_2009,
        title = {Lecture notes on Numerical Analysis of Partial Differential Equations},
        url = {http://www.ima.umn.edu/~arnold//8445.f11/notes.pdf},
        author = {Arnold, Douglas N.},
        year = {2009},        
        note = {[online 2016-03-01]}
}


@incollection{ciarlet_basic_1991,
        series = {Finite Element Methods (Part 1)},
        title = {Basic error estimates for elliptic problems},
        volume = {Volume 2},
        isbn = {1570-8659},        
        urldate = {2014-09-24},
        booktitle = {Handbook of Numerical Analysis},
        publisher = {Elsevier},
        author = {Ciarlet, P. G.},
        year = {1991},
        pages = {17--351},
}



@book{kahaner_numerical_1989,
        title = {Numerical methods and software},
        abstract = {Mathematics of Computing -- Numerical Analysis.},
        publisher = {Prentice Hall},
        address = {Englewood Cliffs, New Jersey, 07632},
        author = {Kahaner, David and Moler, Cleve B. and Nash, Stephen and Forsythe, George Elmer},
        year = {1989},
        isbn = {0-13-627258-4},
        url = {http://lya.fciencias.unam.mx/pablo/an20072/material/kahaner.pdf}
}


@article{moes_finite_1999,
  title={A finite element method for crack growth without remeshing},
  author={Mo{\"e}s, Nicolas and Dolbow, John and Belytschko, Ted},
  journal={Int. J. Numer. Meth. Engng},
  volume={46},
  pages={131--150},
  year={1999}
}

@article{strouboulis_generalized_2000,
    title = {The generalized finite element method: an example of its implementation and illustration of its performance},
    volume = {47},
    issn = {1097-0207},
    shorttitle = {The generalized finite element method},
    url = {http://onlinelibrary.wiley.com/doi/10.1002/(SICI)1097-0207(20000320)47:8<1401::AID-NME835>3.0.CO;2-8/abstract},
    doi = {10.1002/(SICI)1097-0207(20000320)47:8<1401::AID-NME835>3.0.CO;2-8},
    number = {8},
    urldate = {2016-03-07},
    journal = {International Journal for Numerical Methods in Engineering},
    author = {Strouboulis, T. and Copps, K. and Babuška, I.},
    month = mar,
    year = {2000},
    keywords = {generalized finite element method, hybrid, meshfree, meshless, numerical integration},
    pages = {1401--1417},
}