@article{armadillo_2016,
	title = {Armadillo: a template-based {C}++ library for linear algebra},
	volume = {1},
	shorttitle = {Armadillo},
	COMMENTurl = {http://joss.theoj.org/papers/10.21105/joss.00026},
	doi = {10.21105/joss.00026},
	number = {2},
	urldate = {2016-09-30},
	journal = {The Journal of Open Source Software},
	author = {Sanderson, Conrad and Curtin, Ryan},
	month = jun,
	year = {2016}
}

@Misc{gtslib,
    title =    {GTS, GNU Triangulated Surface Library, software package.},
    howpublished = {\url{http://gts.sourceforge.net/.}},
}


@Incollection{dolphin_2012,
    author={Logg, Anders and Wells, Garth N. and Hake, Johan},
    COMMENTeditor={Logg, Anders and Mardal, Kent-Andre and Wells, Garth},
    title={DOLFIN: a C++/Python finite element library},
    bookTitle={Automated Solution of Differential Equations by the Finite Element Method: The FEniCS Book},
    year={2012},
    publisher={Springer Berlin Heidelberg},
    address={Berlin, Heidelberg},
    pages={173--225},
    isbn={978-3-642-23099-8},
    doi={10.1007/978-3-642-23099-8_10},
    url={https://link.springer.com/chapter/10.1007/978-3-642-23099-8_10}
}
    
@article{platis_fast_2003,
    title = {Fast Ray-Tetrahedron Intersection Using Plucker Coordinates},
    volume = {8},
    pages = {37--48},
    number = {4},
    journal = {Journal of graphics tools},
    author = {Platis, Nikos and Theoharis, Theoharis},
    urldate = {2016-09-16},
    year = {2003},
    doi = {10.1080/10867651.2003.10487593},
    url = {http://www.tandfonline.com/doi/abs/10.1080/10867651.2003.10487593},
}

@article{massing_efficient_2013,
	title = {Efficient Implementation of Finite Element Methods on Nonmatching and Overlapping Meshes in Three Dimensions},
	volume = {35},
	issn = {1064-8275, 1095-7197},
	url = {http://epubs.siam.org/doi/abs/10.1137/11085949X},
	doi = {10.1137/11085949X},
	pages = {C23--C47},
	number = {1},
	journal = {{SIAM} Journal on Scientific Computing},
	author = {Massing, Andr{\' e} and Larson, Mats G. and Logg, Anders},
	urldate = {2016-02-14},
	date = {2013-01},
	year = {2013},
	langid = {english}
}

@article{gander_algorithm_2013,
	title = {Algorithm 932: {PANG}: Software for nonmatching grid projections in 2D and 3D with linear complexity},
	volume = {40},
	issn = {00983500},
	url = {http://dl.acm.org/citation.cfm?doid=2513109.2513115},
	doi = {10.1145/2513109.2513115},
	shorttitle = {Algorithm 932},
	pages = {1--25},
	number = {1},
	journal = {{ACM} Transactions on Mathematical Software},
	author = {Gander, Martin J. and Japhet, Caroline},
	urldate = {2016-09-14},
	date = {2013-09-01},
	year = {2013},
	langid = {english},
}

@Incollection{bournival_mesh-geometry_2008,
    author={Bournival, Sylvain and Cuilli{\`e}re, Jean-Christophe and Fran{\c{c}}ois, Vincent},
    COMMENTeditor="Garimella, Rao V.",
    title="A Mesh-Geometry Based Approach for Mixed-Dimensional Analysis",
    bookTitle="Proceedings of the 17th International Meshing Roundtable",
    year="2008",
    publisher="Springer Berlin Heidelberg",
    address="Berlin, Heidelberg",
    pages="299--313",
    isbn="978-3-540-87921-3",
    doi="10.1007/978-3-540-87921-3_18",
    url="http://dx.doi.org/10.1007/978-3-540-87921-3_18"
}

@article{trefry_feflow_2007,
    title = {{FEFLOW}: A Finite-Element Ground Water Flow and Transport Modeling Tool},
    volume = {45},
    issn = {1745-6584},
    doi = {10.1111/j.1745-6584.2007.00358.x},
    shorttitle = {{FEFLOW}},
    pages = {525--528},
    number = {5},
    journal = {Ground Water},
    author = {Trefry, Mike G. and Muffels, Chris},
    urldate = {2018-09-12},
    month = aug,
    year = {2007},
    url = {https://onlinelibrary.wiley.com/doi/abs/10.1111/j.1745-6584.2007.00358.x}
}

@article{belgacem_mortar_1999,
    title = {The Mortar finite element method with Lagrange multipliers},
    volume = {84},
    issn = {0945-3245},
    doi = {10.1007/s002110050468},
    pages = {173--197},
    number = {2},
    journal = {Numerische Mathematik},
    author = {Belgacem, Faker Ben},
    urldate = {2018-09-12},
    year = {1999},
    month = Dec,
    url = {http://link.springer.com/article/10.1007/s002110050468},
}

@article{brezzi_analysis_2001,
    title = {Analysis of a Chimera method},
    volume = {332},
    issn = {0764-4442},
    doi = {10.1016/S0764-4442(01)01904-8},
    pages = {655--660},
    number = {7},
    journal = {Comptes Rendus de l'Académie des Sciences - Series I - Mathematics},
    shortjournal = {Comptes Rendus de l'Académie des Sciences - Series I - Mathematics},
    author = {Brezzi, Franco and Lions, Jacques-Louis and Pironneau, Olivier},
    urldate = {2019-09-12},
    date = {2001-04-01},
    year = {2001},
    url = {http://www.sciencedirect.com/science/article/pii/S0764444201019048},
}


@article{shewchuk_adaptive_1997,
    author="Richard Shewchuk, Jonathan",
    title="Adaptive Precision Floating-Point Arithmetic and Fast Robust Geometric Predicates ",
    journal="Discrete {\&} Computational Geometry",
    year="1997",
    volume="18",
    number="3",
    pages="305--363",
    issn="1432-0444",
    doi="10.1007/PL00009321",
    url="http://dx.doi.org/10.1007/PL00009321"
}


@incollection{haines_fast_1991,
    title = "V.1 - Fast Ray – Convex Polyhedron Intersection",
    COMMENTeditor = "JAMES ARVO",
    booktitle = "Graphics Gems II",
    publisher = "Morgan Kaufmann",
    address = "San Diego",
    pages = "247 - 250",
    year = "1991",
    isbn = "978-0-08-050754-5",
    doi = "10.1016/B978-0-08-050754-5.50053-0",
    url = "http://www.sciencedirect.com/science/article/pii/B9780080507545500530",
    author = "Eric Haines"
}


@article{moller_fast_1997,
    title = {Fast, Minimum Storage Ray-triangle Intersection},
    volume = {2},
    issn = {1086-7651},
    doi = {10.1080/10867651.1997.10487468},
    pages = {21--28},
    number = {1},
    journal = {Journal of Graphics Tools},
    author = {M{\" o}ller, Tomas and Trumbore, Ben},
    year = {1997},
    url = {https://www.tandfonline.com/doi/abs/10.1080/10867651.1997.10487468}
}


@InProceedings{brezina_analysis_2015,
    title = {Analysis of Model Error for a Continuum-Fracture Model of Porous Media Flow},
    isbn = {978-3-319-40361-8},
    series = {Lecture Notes in Computer Science},
    pages = {152--160},
    volume = {9611},
    booktitle = {High Performance Computing in Science and Engineering. HPCSE 2015},
    publisher = {Springer International Publishing},
    address= {Cham},
    author = {B{\v r}ezina, Jan and Stebel, Jan},
    COMMENTeditor = {Kozubek, Tom{\'a}{\v{s}} and Blaheta, Radim and {\v{S}}{\'i}stek, Jakub and Rozlo{\v{z}}n{\'i}k, Miroslav and {\v{C}}erm{\'a}k, Martin},
    urldate = {2018-09-12},
    year = {2016},
    doi = {10.1007/978-3-319-40361-8\_11},
    url = {http://link.springer.com/chapter/10.1007/978-3-319-40361-8_11},
}


@article{martin_modeling_2005,
    title = {Modeling Fractures and Barriers as Interfaces for Flow in Porous Media},
    volume = {26},
    issn = {1095-7197},
    doi = {10.1137/S1064827503429363},
    pages = {1667--1691},
    number = {5},
    journal = {{SIAM} Journal on Scientific Computing},
    author = {Martin, Vincent and Jaffr{\' e}, J{\' e}ro\{{\textbackslash}textasciicircum\}me and Roberts, Jean E.},
    urldate = {2018-09-12},
    year = {2005},
    url = {https://epubs.siam.org/doi/10.1137/S1064827503429363},
}


@article{fumagalli_numerical_2011,
    title = {Numerical modelling of multiphase subsurface flow in the presence of fractures},
    volume = {3},
    issn = {2038-0909},
    doi = {10.1685/journal.caim.380},
    number = {1},
    journal = {Communications in Applied and Industrial Mathematics},
    author = {Fumagalli, Alessio and Scotti, Anna},
    urldate = {2018-09-12},
    year = {2011},
    url = {http://caim.simai.eu/index.php/caim/article/view/380}
}


@incollection{bastian_towards_2005,
    title = {Towards a Unified Framework for Scientific Computing},
    isbn = {978-3-540-26825-3},
    series = {Lecture Notes in Computational Science and Engineering},
    pages = {167--174},
    volume = {40},
    booktitle = {Domain Decomposition Methods in Science and Engineering},
    publisher = {Springer Berlin Heidelberg},
    author = {Bastian, Peter and Droske, Mark and Engwer, Christian and Klöfkorn, Robert and Neubauer, Thimo and Ohlberger, Mario and Rumpf, Martin},
    address = {Berlin, Heidelberg},
    urldate = {2018-09-12},
    year = {2005},
    doi = {10.1007/3-540-26825-1\_13},
    keywords = {Computational Mathematics and Numerical Analysis, Computational Science and Engineering, Mathematics of Computing, Numerical Analysis, Numerical and Computational Physics, Processor Architectures},
    url = {https://link.springer.com/chapter/10.1007/3-540-26825-1_13}
}


@article{guttman_r_trees_1984,
    author = {Guttman, Antonin},
    title = {R-trees: A Dynamic Index Structure for Spatial Searching},
    journal = {SIGMOD Rec.},
    issue_date = {June 1984},
    volume = {14},
    number = {2},
    month = jun,
    year = {1984},
    issn = {0163-5808},
    pages = {47--57},
    numpages = {11},
    doi = {10.1145/971697.602266},
    acmid = {602266},
    publisher = {ACM},
    address = {New York, USA},
    url = {http://doi.acm.org/10.1145/971697.602266}
}


@inproceedings{nam_comparative_2004,
    location = {Washington, {DC}, {USA}},
    title = {A Comparative Study of Spatial Indexing Techniques for Multidimensional Scientific Datasets},
    isbn = {0-7695-2146-6},
    doi = {10.1109/SSDBM.2004.1},
    series = {{SSDBM} '04},
    pages = {171--},
    booktitle = {Proceedings of the 16th International Conference on Scientific and Statistical Database Management},
    publisher = {{IEEE} Computer Society},
    author = {Nam, Beomseok and Sussman, Alan},
    acmid = {1007120},
    urldate = {2018-09-12},
    year = {2004},
    url = {https://dl.acm.org/citation.cfm?id=1007120}
}


@inproceedings{wachter_instant_2006,
    author = {W\"{a}chter, Carsten and Keller, Alexander},
    title = {Instant Ray Tracing: The Bounding Interval Hierarchy},
    booktitle = {Proceedings of the 17th Eurographics Conference on Rendering Techniques},
    series = {EGSR '06},
    year = {2006},
    isbn = {3-905673-35-5},
    location = {Nicosia, Cyprus},
    pages = {139--149},
    numpages = {11},
    doi = {10.2312/EGWR/EGSR06/139-149},
    acmid = {2383912},
    publisher = {Eurographics Association},
    address = {Aire-la-Ville, Switzerland, Switzerland},
    urldate = {2018-09-12},
    url = {https://dl.acm.org/citation.cfm?id=2383912}
}


@incollection{joswig_plucker_2013,
    author = "Joswig, Michael and Theobald, Thorsten",
    title = "Pl{\"u}cker Coordinates and Lines in Space",
    bookTitle = "Polyhedral and Algebraic Methods in Computational Geometry",
    chapter = {},
    year = "2013",
    publisher = "Springer London",
    address = "London",
    pages = "193--207",
    isbn = "978-1-4471-4817-3",
    doi = "10.1007/978-1-4471-4817-3_12",
    url = "https://link.springer.com/chapter/10.1007/978-1-4471-4817-3_12"
}


@incollection{dorst_geometric_2007,
    title = "Chapter 12 - Applications of the Homogeneous Model",
    COMMENTeditor = "Leo Dorst and Daniel Fontijne and Stephen Mann",
    booktitle = "Geometric Algebra for Computer Science (Revised Edition)",
    publisher = "Morgan Kaufmann",
    address = "Boston",
    pages = "327 - 354",
    year = "2009",
    series = "The Morgan Kaufmann Series in Computer Graphics",
    isbn = "978-0-12-374942-0",
    doi = "https://doi.org/10.1016/B978-0-12-374942-0.00017-8",
    url = "http://www.sciencedirect.com/science/article/pii/B9780123749420000178",
    author = "Leo Dorst and Daniel Fontijne and Stephen Mann"
}


@article{elsheikh_reliable_2012,
    title = {A reliable triangular mesh intersection algorithm and its application in geological modelling},
    volume = {30},
    issn = {1435-5663},
    doi = {10.1007/s00366-012-0297-3},
    pages = {143--157},
    number = {1},
    journal = {Engineering with Computers},
    author = {Elsheikh, Ahmed H. and Elsheikh, Mustafa},
    urldate = {2018-09-12},
    month = {jan},
    year = {2012},
    url = {http://link.springer.com/article/10.1007/s00366-012-0297-3}
}

@article{pichot_generalized_2012,
	title = {A generalized mixed hybrid mortar method for solving flow in stochastic discrete fracture networks},
	volume = {34},
	COMMENTurl = {http://epubs.siam.org/doi/abs/10.1137/100804383},
	pages = {B86--B105},
	number = {1},
	journal = {{SIAM} Journal on scientific computing},
	author = {Pichot, G{\' e}raldine and Erhel, Jocelyne and de Dreuzy, J.-R.},
	urldate = {2016-09-14},
	year = {2012},
	file = {sisc-online-2012.PDF:/home/jb/.mozilla/firefox/utsq2ou9.default/zotero/storage/MGANXSKT/sisc-online-2012.PDF:application/pdf}
}

article{sukumar_extended_2000,
    author = {Sukumar, N. and Mo�s, N. and Moran, B. and Belytschko, T.},
    title = {Extended finite element method for three-dimensional crack modelling},
    journal = {International Journal for Numerical Methods in Engineering},
    issn = {0029-5981, 1097-0207},
    volume = {48},
    pages = {1549--1570},
    number = {11},
    urldate = {2016-02-14},
    month = aug,
    year = {2000},
    doi = {10.1002/1097-0207(20000820)48:11<1549::AID-NME955>3.0.CO;2-A},
    COMMENTurl = {http://doi.wiley.com/10.1002/1097-0207%2820000820%2948%3A11%3C1549%3A%3AAID-NME955%3E3.0.CO%3B2-A},
}

online{_efficient_????,
	title = {An Efficient Rejection Test for Ray/Triangle Mesh Intersection--《Journal of Software》2003年10期},
	COMMENTurl = {http://en.cnki.com.cn/Article_en/CJFDTOTAL-RJXB200310015.htm},
	urldate = {2016-02-14}
}

article{pichot_mixed_2010,
	title = {A mixed hybrid mortar method for solving flow in discrete fracture networks},
	volume = {89},
	COMMENTurl = {http://www.tandfonline.com/doi/abs/10.1080/00036811.2010.495333},
	pages = {1629--1643},
	number = {10},
	journal = {Applicable Analysis},
	author = {Pichot, G{\' e}raldine and Erhel, Jocelyne and De Dreuzy, Jean-Raynald},
	urldate = {2016-09-14},
	year = {2010},
	file = {applicable-analysis-2010.pdf:/home/jb/.mozilla/firefox/utsq2ou9.default/zotero/storage/EPM3G2VH/applicable-analysis-2010.pdf:application/pdf}
}

article{boon_robust_2016,
    title = {Robust Discretization of Flow in Fractured Porous Media},
    COMMENTurl = {http://arxiv.org/abs/1601.06977},
    journal = {{arXiv} preprint {arXiv}:1601.06977},
    author = {Boon, Wietse M. and Nordbotten, Jan M.},
    urldate = {2016-09-14},
    year = {2016}
}

article{reichenberger_mixed-dimensional_2006,
    title = {A mixed-dimensional finite volume method for two-phase flow in fractured porous media},
    volume = {29},
    COMMENTurl = {http://www.sciencedirect.com/science/article/pii/S0309170805002150},
    pages = {1020--1036},
    number = {7},
    journal = {Advances in Water Resources},
    author = {Reichenberger, Volker and Jakobs, Hartmut and Bastian, Peter and Helmig, Rainer},
    urldate = {2016-09-14},
    year = {2006},
    file = {Reichenberger, Jakobs, Bastian, Helming mixed-dimensions.pdf:/home/jb/.mozilla/firefox/utsq2ou9.default/zotero/storage/FZAV9RZK/Reichenberger, Jakobs, Bastian, Helming mixed-dimensions.pdf:application/pdf}
}

misc{sladkova_bakalarka,
	title = {Bakalářská práce:  Integration of piecewise polynomial functions on non-matching grids},
	author = {Sládková, Kateřina and Dolejší, Vít},
	file = {BPTX_2011_1__0_283553_0_115000.pdf:/home/jb/.mozilla/firefox/utsq2ou9.default/zotero/storage/9VMXV8G4/BPTX_2011_1__0_283553_0_115000.pdf:application/pdf}
}

article{dolejsi_algebraic_2014,
        title = {Algebraic and {Discretization} {Error} {Estimation} by {Equilibrated} {Fluxes} for {Discontinuous} {Galerkin} {Methods} on {Nonmatching} {Grids}},
        volume = {64},
        issn = {0885-7474, 1573-7691},
        url = {http://link.springer.com/article/10.1007/s10915-014-9921-2},
        doi = {10.1007/s10915-014-9921-2},
        language = {en},
        number = {1},
        urldate = {2016-10-02},
        journal = {Journal of Scientific Computing},
        author = {Dolejší, Vít and Šebestová, Ivana and Vohralík, Martin},
        month = sep,
        year = {2014},
        pages = {1--34},
} 

incollection{gander_algorithm_2009,
	title = {An Algorithm for Non-Matching Grid Projections with Linear Complexity},
	rights = {©2009 Springer-Verlag Berlin Heidelberg},
	isbn = {978-3-642-02676-8 978-3-642-02677-5},
	COMMENTurl = {http://link.springer.com/chapter/10.1007/978-3-642-02677-5_19},
	series = {Lecture Notes in Computational Science and Engineering},
	pages = {185--192},
	number = {70},
	booktitle = {Domain Decomposition Methods in Science and Engineering {XVIII}},
	publisher = {Springer Berlin Heidelberg},
	author = {Gander, Martin J. and Japhet, Caroline},
	editor = {Bercovier, Michel and Gander, Martin J. and Kornhuber, Ralf and Widlund, Olof},
	urldate = {2016-09-14},
	year = {2009},
	langid = {english},
	note = {{DOI}: 10.1007/978-3-642-02677-5\_19},
	keywords = {Computational Mathematics and Numerical Analysis, Computational Science and Engineering, Mathematical Modeling and Industrial Mathematics, Mathematics of Computing, Numerical and Computational Physics},
}

article{flemisch_non-matching_2012,
	title = {Non-Matching Grids for a Flexible Discretization in Computational Acoustics},
	volume = {11},
	issn = {1815-2406, 1991-7120},
	COMMENTurl = {http://www.journals.cambridge.org/abstract_S1815240600002292},
	doi = {10.4208/cicp.141209.280810s},
	pages = {472--488},
	number = {2},
	journal = {Communications in Computational Physics},
	author = {Flemisch, Bernd and Kaltenbacher, Manfred and Triebenbacher, Simon and Wohlmuth, Barbara},
	urldate = {2016-09-14},
	date = {2012-02},
	year = {2012},
	langid = {english},
}

patent{mustapha_hybrid_2014,
	title = {Hybrid local nonmatching method for multiphase flow simulations in heterogeneous fractured media},
	COMMENTurl = {http://www.google.com/patents/US20140046636},
	number = {{US}20140046636 A1},
	holder = {Mustapha, Hussein},
	urldate = {2016-09-14},
	date = {2014-02-13},
	year = {2014},
	note = {U.S. Classification 703/2, 703/10; International Classification G06F17/50; Cooperative Classification G01V2210/646, E21B43/26, G01V1/30, E21B41/00, G01V1/301, G06F17/5018},
}

article{mittal_immersed_2005,
        title = {{IMMERSED} {BOUNDARY} {METHODS}},
        volume = {37},
        issn = {0066-4189, 1545-4479},
        COMMENTurl = {http://www.annualreviews.org/doi/abs/10.1146/annurev.fluid.37.061903.175743},
        doi = {10.1146/annurev.fluid.37.061903.175743},
        pages = {239--261},
        number = {1},
        journal = {Annual Review of Fluid Mechanics},
        author = {Mittal, Rajat and Iaccarino, Gianluca},
        urldate = {2016-06-01},
        date = {2005-01},
        year = {2005},
        langid = {english}
}

inproceedings{owen_survey_1998,
        title = {A Survey of Unstructured Mesh Generation Technology.},
        COMMENTurl = {http://ima.udg.edu/~sellares/ComGeo/OwenSurv.pdf},
        pages = {239--267},
        booktitle = {{IMR}},
        author = {Owen, Steven J.},
        urldate = {2016-05-23},
        year = {1998}
}

article{kuznetsov_overlapping_1998,
	title = {Overlapping domain decomposition with non-matching grids},
	volume = {6},
	COMMENTurl = {http://emis.ams.org/proceedings/DDM/DD9/Kuznetsov.ps.gz},
	pages = {299--308},
	journal = {{EAST} {WEST} {JOURNAL} {OF} {NUMERICAL} {MATHEMATICS}},
	author = {Kuznetsov, Yuri A.},
	urldate = {2016-09-14},
	year = {1998}
}

inproceedings{fortune_stable_1989,
        location = {Washington, {DC}, {USA}},
        title = {Stable Maintenance of Point Set Triangulations in Two Dimensions},
        isbn = {978-0-8186-1982-3},
        COMMENTurl = {http://dx.doi.org/10.1109/SFCS.1989.63524},
        doi = {10.1109/SFCS.1989.63524},
        series = {{SFCS} '89},
        pages = {494--499},
        booktitle = {Proceedings of the 30th Annual Symposium on Foundations of Computer Science},
        publisher = {{IEEE} Computer Society},
        author = {Fortune, S.},
        urldate = {2016-09-29},
        year = {1989},
        keywords = {epsilon arithmetic, geometric problems, line arrangements, plane, point set triangulations, stability, stable algorithms, two-dimensional convex hulls}
}


article{zhi-yuan_efficient_2003,
        title = {An Efficient Rejection Test for Ray/Triangle Mesh Intersection},
        volume = {14},
        issn = {1000-9825},
        COMMENTurl = {https://www.researchgate.net/publication/242703914_An_Efficient_Rejection_Test_for_RayTriangle_Mesh_Intersection},
        number = {10},
        journal = {{ResearchGate}},
        author = {Zhi-Yuan, X. U. and Ze-Sheng, Tang and Long, Tang},
        urldate = {2016-09-28},
        date = {2003-10-01},
        year = {2003},
}


book{knuth_art_1998,
        location = {Redwood City, {CA}, {USA}},
        title = {The Art of Computer Programming, Volume 3: (2Nd Ed.) Sorting and Searching},
        isbn = {978-0-201-89685-5},
        shorttitle = {The Art of Computer Programming, Volume 3},
        publisher = {Addison Wesley Longman Publishing Co., Inc.},
        author = {Knuth, Donald E.},
        year = {1998}
}


inproceedings{plimpton_parallel_1998,
        location = {Washington, {DC}, {USA}},
        title = {A Parallel Rendezvous Algorithm for Interpolation Between Multiple Grids},
        isbn = {978-0-89791-984-5},
        COMMENTurl = {http://dl.acm.org/citation.cfm?id=509058.509110},
        series = {{SC} '98},
        pages = {1--8},
        booktitle = {Proceedings of the 1998 {ACM}/{IEEE} Conference on Supercomputing},
        publisher = {{IEEE} Computer Society},
        author = {Plimpton, Steve and Hendrickson, Bruce and Stewart, James},
        urldate = {2016-09-30},
        year = {1998},
        keywords = {grid transfer, load-balancing, multigrid, multi-physics, parallel computing}
}
