@article{strouboulis_generalized_2000,
    title = {The generalized finite element method: an example of its implementation and illustration of its performance},
    volume = {47},
    issn = {1097-0207},
    shorttitle = {The generalized finite element method},
    url = {http://onlinelibrary.wiley.com/doi/10.1002/(SICI)1097-0207(20000320)47:8<1401::AID-NME835>3.0.CO;2-8/abstract},
    doi = {10.1002/(SICI)1097-0207(20000320)47:8<1401::AID-NME835>3.0.CO;2-8},
    number = {8},
    urldate = {2016-03-07},
    journal = {International Journal for Numerical Methods in Engineering},
    author = {Strouboulis, T. and Copps, K. and Babuška, I.},
    month = mar,
    year = {2000},
    keywords = {generalized finite element method, hybrid, meshfree, meshless, numerical integration},
    pages = {1401--1417},
}

@article{babuska_stable_2012,
    title = {Stable Generalized Finite Element Method ({SGFEM})},
    volume = {201–204},
    issn = {0045-7825},
    url = {http://www.sciencedirect.com/science/article/pii/S0045782511003082},
    doi = {10.1016/j.cma.2011.09.012},
    urldate = {2014-09-30},
    journal = {Computer Methods in Applied Mechanics and Engineering},
    author = {Babu{\v s}ka, I. and Banerjee, U.},
    month = jan,
    year = {2012},
    keywords = {Approximation, Condition number, Extended Finite Element Method ({XFEM}), Generalized Finite Element Method ({GFEM}), Partition of Unity ({PU}), Validation and verification},
    pages = {91--111},
}


@article{gupta_stable_2013,
    title = {A stable and optimally convergent generalized {FEM} ({SGFEM}) for linear elastic fracture mechanics},
    volume = {266},
    issn = {0045-7825},
    url = {http://www.sciencedirect.com/science/article/pii/S0045782513001801},
    doi = {10.1016/j.cma.2013.07.010},
    urldate = {2014-09-30},
    journal = {Computer Methods in Applied Mechanics and Engineering},
    author = {Gupta, V. and Duarte, C. A. and Babu{\v s}ka, I. and Banerjee, U.},
    month = nov,
    year = {2013},
    keywords = {Blending elements, Condition number, Enrichment, Extended {FEM}, Fracture, Generalized {FEM}},
    pages = {23--39},
}   

@article{gupta_3d_fracture_2015,
    title = "Stable GFEM (SGFEM): Improved conditioning and accuracy of GFEM/XFEM for three-dimensional fracture mechanics",
    journal = "Computer Methods in Applied Mechanics and Engineering",
    volume = "289",
    pages = "355 - 386",
    month = jun,
    year = "2015",
    issn = "0045-7825",
    doi = "https://doi.org/10.1016/j.cma.2015.01.014",
    url = "http://www.sciencedirect.com/science/article/pii/S0045782515000341",
    author = "V. Gupta and C.A. Duarte and I. Babu{\v s}ka and U. Banerjee",
    keywords = "Generalized FEM, Extended FEM, Blending elements, Stress Intensity Factors, Fracture"
}


@article{kergrene_iterative_2016,
    title = "Stable Generalized Finite Element Method and associated iterative schemes; application to interface problems",
    journal = "Computer Methods in Applied Mechanics and Engineering",
    volume = "305",
    pages = "1 - 36",
    month = jun,
    year = "2016",
    issn = "0045-7825",
    doi = "https://doi.org/10.1016/j.cma.2016.02.030",
    url = "http://www.sciencedirect.com/science/article/pii/S0045782516300603",
    author = "Kenan Kergrene and Ivo Babuška and Uday Banerjee",
    keywords = "Generalized Finite Element Method (GFEM), Partition of Unity Method (PUM), Stable GFEM (SGFEM), Condition number, Angle condition"
}

@article{gupta_enr_zone_2016,
    title = "On the enrichment zone size for optimal convergence rate of the Generalized/Extended Finite Element Method",
    journal = "Computers & Mathematics with Applications",
    volume = "72",
    number = "3",
    pages = "481 - 493",
    month = aug,
    year = "2016",
    issn = "0898-1221",
    doi = "https://doi.org/10.1016/j.camwa.2016.04.043",
    url = "http://www.sciencedirect.com/science/article/pii/S089812211630236X",
    author = "Varun Gupta and C. Armando Duarte",
    keywords = "GFEM, XFEM, Fracture mechanics, Cracks, Singularity"
}

@article{zhang_robust_2016,
    title = "Robustness in stable generalized finite element methods (SGFEM) applied to Poisson problems with crack singularities",
    journal = "Computer Methods in Applied Mechanics and Engineering",
    volume = "311",
    pages = "476 - 502",
    month = nov,
    year = "2016",
    issn = "0045-7825",
    doi = "https://doi.org/10.1016/j.cma.2016.08.019",
    url = "http://www.sciencedirect.com/science/article/pii/S0045782516309707",
    author = "Qinghui Zhang and Ivo Babu{\v s}ka and Uday Banerjee",
    keywords = "Generalized FEM, Extended FEM, SGFEM, Convergence analysis, Condition number, Robustness"
}


@article{babuska_strongly_2017,
    title = "Strongly stable generalized finite element method: Application to interface problems",
    journal = "Computer Methods in Applied Mechanics and Engineering",
    volume = "327",
    pages = "58 - 92",
    month = dec,
    year = "2017",
    note = "Advances in Computational Mechanics and Scientific Computation—the Cutting Edge",
    issn = "0045-7825",
    doi = "https://doi.org/10.1016/j.cma.2017.08.008",
    url = "http://www.sciencedirect.com/science/article/pii/S0045782517305881",
    author = "Ivo Babu{\v s}ka and Uday Banerjee and Kenan Kergrene",
    keywords = "GFEM, XFEM, SGFEM, Interface, Conditioning, Robustness"
}
